@article{kuhn2008practical,
  title={Practical combinatorial testing: Beyond pairwise},
  author={Kuhn, Rick and Lei, Yu and Kacker, Raghu},
  journal={It Professional},
  volume={10},
  number={3},
  year={2008},
  publisher={IEEE}
}
@inproceedings{kuhn2012combinatorial,
  title={Combinatorial methods for event sequence testing},
  author={Kuhn, D Richard and Higdon, James M and Lawrence, James F and Kacker, Raghu N and Lei, Yu},
  booktitle={Software Testing, Verification and Validation (ICST), 2012 IEEE Fifth International Conference on},
  pages={601--609},
  year={2012},
  organization={IEEE}
}
@inproceedings{segall2012common,
  title={Common patterns in combinatorial models},
  author={Segall, Itai and Tzoref-Brill, Rachel and Zlotnick, Aviad},
  booktitle={Software Testing, Verification and Validation (ICST), 2012 IEEE Fifth International Conference on},
  pages={624--629},
  year={2012},
  organization={IEEE}
}
@misc{NISTpractical,
  title={Practical Combinatorial Testing},
  author={D.R. Kuhn and R.N. Kacker and Y. Lei},
  year={2010},
  howpublished={NIST Special Publication 800-142},
}
@article{kuhn2016measuring,
  title={Measuring and specifying combinatorial coverage of test input configurations},
  author={Kuhn, D Richard and Kacker, Raghu N and Lei, Yu},
  journal={Innovations in systems and software engineering},
  volume={12},
  number={4},
  pages={249--261},
  year={2016},
  publisher={Springer}
}
@inproceedings{OffuttIPM,
 author = {Grindal, Mats and Offutt, Jeff},
 title = {Input Parameter Modeling for Combination Strategies},
 booktitle = {Proceedings of the 25th Conference on IASTED International Multi-Conference: Software Engineering},
 series = {SE'07},
 year = {2007},
 location = {Innsbruck, Austria},
 pages = {255--260},
 numpages = {6},
 acmid = {1332085},
 publisher = {ACTA Press},
 address = {Anaheim, CA, USA},
 keywords = {category partition, combinatorial testing, model-based testing, software testing},
}
@inproceedings{ACTS-tool,
  title={{ACTS}: A combinatorial test generation tool},
  author={Yu, Linbin and Lei, Yu and Kacker, Raghu N and Kuhn, D Richard},
  booktitle={2013 IEEE Sixth International Conference on Software Testing, Verification and Validation},
  pages={370--375},
  year={2013},
  organization={IEEE}
}
@inproceedings{gargantini2018migrating,
  title={Migrating combinatorial interaction test modeling and generation to the web},
  author={Gargantini, Angelo and Radavelli, Marco},
  booktitle={2018 IEEE International Conference on Software Testing, Verification and Validation Workshops (ICSTW)},
  pages={308--317},
  year={2018},
  organization={IEEE}
}
@inproceedings{leithner2018cametrics,
  title={CAmetrics: A tool for advanced combinatorial analysis and measurement of test sets},
  author={Leithner, Manuel and Kleine, Kristoffer and Simos, Dimitris E},
  booktitle={2018 IEEE International Conference on Software Testing, Verification and Validation Workshops (ICSTW)},
  pages={318--327},
  year={2018},
  organization={IEEE}
}
@misc{wiki:docker,
  author = {{Solomon Hykes}},
  title = "{W}ikipedia{,} The Free Encyclopedia",
  year = "2013",
  url = "https://en.wikipedia.org/wiki/Docker_(software)",
}
@misc{wiki:gitlab,
  author = {{GitLab}},
  title = "{W}ikipedia{,} The Free Encyclopedia",
  year = "2018",
  url = "https://en.wikipedia.org/wiki/GitLab",
}
@misc{wiki:git,
  author = {{Linus Torvalds}},
  title = "{W}ikipedia{,} The Free Encyclopedia",
  year = "2005",
  url = "https://en.wikipedia.org/wiki/Git",
}
@misc{wiki:angular,
  author = {{Google}},
  title = "{W}ikipedia{,} The Free Encyclopedia",
  year = "2016",
  url = "https://en.wikipedia.org/wiki/Angular_(application_platform))",
}
@misc{wiki:typescript,
  author = {{Microsoft}},
  title = "{W}ikipedia{,} The Free Encyclopedia",
  year = "2012",
  url = "https://en.wikipedia.org/wiki/TypeScript",
}
@misc{wiki:ECMAscript,
  author = {{Ecma International}},
  title = "{W}ikipedia{,} The Free Encyclopedia",
  year = "2015",
  url = "https://en.wikipedia.org/wiki/ECMAScript",
}
@misc{fowler:pageobject,
  author = {{Martin Fowler}},
  title = "PageObject",
  year = "2013",
  url = "https://martinfowler.com/bliki/PageObject.html"
}
@misc{fowler:flake,
  author = {{Martin Fowler}},
  title = "Eradicating Non-Determinism in Tests",
  year = "2011",
  url = "https://martinfowler.com/articles/nonDeterminism.html"
}
@misc{protractorstyleguide,
  author = {{Carmen Popoviciu}},
  title = "Protractor Style Guide",
  year = "2014",
  url = "https://github.com/CarmenPopoviciu/protractor-styleguide"
}
@misc{protractor,
  author = {{Protractor}},
  title = "Protractor an end to end testing tool for Angular",
  year = "2014",
  url = "http://www.protractortest.org/#/"
}
@misc{stateobjects,
  author = {{Arie van Deursen}},
  title = "Beyond Page Objects: Testing Web Applications with State Objects",
  year = "2015",
  url = "https://queue.acm.org/detail.cfm?id=2793039"
}
@inproceedings{ozcan2017applications,
  title={Applications of Practical Combinatorial Testing Methods at Siemens Industry Inc., Building Technologies Division},
  author={Ozcan, Murat},
  booktitle={Software Testing, Verification and Validation Workshops (ICSTW), 2017 IEEE International Conference on},
  pages={208--215},
  year={2017},
  organization={IEEE}
}
@inproceedings{kuhn2013combinatorial,
  title={Combinatorial coverage measurement concepts and applications},
  author={Kuhn, D Richard and Mendoza, Itzel Dominguez and Kacker, Raghu N and Lei, Yu},
  booktitle={Software Testing, Verification and Validation Workshops (ICSTW), 2013 IEEE Sixth International Conference on},
  pages={352--361},
  year={2013},
  organization={IEEE}
}
@inproceedings{yang2018effect,
  title={The effect of time-between-events for sequence interaction testing of a real-time system},
  author={Yang, Chek Pin and Dhadyalla, Gunwant and Marco, James and Jennings, Paul},
  booktitle={2018 IEEE International Conference on Software Testing, Verification and Validation Workshops (ICSTW)},
  pages={332--340},
  year={2018},
  organization={IEEE}
}
@article{brain2012event,
  title={Event-sequence testing using answer-set programming},
  author={Brain, Martin and Erdem, Esra and Inoue, Katsumi and Oetsch, Johannes and P{\"u}hrer, J{\"o}rg and Tompits, Hans and Yilmaz, Cemal},
  journal={International Journal on Advances in Software Volume 5, Number 3 \& 4, 2012},
  year={2012},
  publisher={Citeseer}
}
@article{erdem2011answer,
  title={Answer-set programming as a new approach to event-sequence testing},
  author={Erdem, Esra and Inoue, Katsumi and Oetsch, Johannes and P{\"u}hrer, J{\"o}rg and Tompits, Hans and Y{\i}lmaz, Cemal},
  year={2011},
  publisher={IARIA}
}
@inproceedings{farchi2014combinatorial,
  title={Combinatorial testing with order requirements},
  author={Farchi, Eitan and Segall, Itai and Tzoref-Brill, Rachel and Zlotnick, Aviad},
  booktitle={Software Testing, Verification and Validation Workshops (ICSTW), 2014 IEEE Seventh International Conference on},
  pages={118--127},
  year={2014},
  organization={IEEE}
}
@inproceedings{leotta2013improving,
  title={Improving test suites maintainability with the page object pattern: An industrial case study},
  author={Leotta, Maurizio and Clerissi, Diego and Ricca, Filippo and Spadaro, Cristiano},
  booktitle={Software Testing, Verification and Validation Workshops (ICSTW), 2013 IEEE Sixth International Conference on},
  pages={108--113},
  year={2013},
  organization={IEEE}
}